@inproceedings{schwartz2010all,
  title={All you ever wanted to know about dynamic taint analysis and forward symbolic execution (but might have been afraid to ask)},
  author={Schwartz, Edward J and Avgerinos, Thanassis and Brumley, David},
  booktitle={Security and Privacy (SP), 2010 IEEE Symposium on},
  pages={317--331},
  year={2010},
  organization={IEEE}
}

@article{enck2014taintdroid,
  title={TaintDroid: an information-flow tracking system for realtime privacy monitoring on smartphones},
  author={Enck, William and Gilbert, Peter and Han, Seungyeop and Tendulkar, Vasant and Chun, Byung-Gon and Cox, Landon P and Jung, Jaeyeon and McDaniel, Patrick and Sheth, Anmol N},
  journal={ACM Transactions on Computer Systems (TOCS)},
  volume={32},
  number={2},
  pages={5},
  year={2014},
  publisher={ACM}
}

@article{newsome2005dynamic,
  title={Dynamic taint analysis for automatic detection, analysis, and signature generation of exploits on commodity software},
  author={Newsome, James and Song, Dawn},
  year={2005},
  publisher={Internet Society}
}

@book{foster2002flow,
  title={Flow-sensitive type qualifiers},
  author={Foster, Jeffrey S and Terauchi, Tachio and Aiken, Alex},
  volume={37},
  number={5},
  year={2002},
  publisher={ACM}
}

@inproceedings{johnson2004finding,
  title={Finding User/Kernel Pointer Bugs with Type Inference.},
  author={Johnson, Rob and Wagner, David},
  booktitle={USENIX Security Symposium},
  volume={2},
  number={0},
  pages={0},
  year={2004}
}

@article{kobayashi1999linearity,
  title={Linearity and the pi-calculus},
  author={Kobayashi, Naoki and Pierce, Benjamin C and Turner, David N},
  journal={ACM Transactions on Programming Languages and Systems (TOPLAS)},
  volume={21},
  number={5},
  pages={914--947},
  year={1999},
  publisher={ACM}
}

@book{honda2002uniform,
  title={A uniform type structure for secure information flow},
  author={Honda, Kohei and Yoshida, Nobuko},
  volume={37},
  number={1},
  year={2002},
  publisher={ACM}
}

@article{gay2010linear,
  title={Linear type theory for asynchronous session types},
  author={Gay, Simon J and Vasconcelos, Vasco T},
  journal={Journal of Functional Programming},
  volume={20},
  number={01},
  pages={19--50},
  year={2010},
  publisher={Cambridge Univ Press}
}

@inproceedings{mazurak2010lolliproc,
  title={Lolliproc: to concurrency from classical linear logic via curry-howard and control},
  author={Mazurak, Karl and Zdancewic, Steve},
  booktitle={ACM Sigplan Notices},
  volume={45},
  number={9},
  pages={39--50},
  year={2010},
  organization={ACM}
}

@phdthesis{tov2012practical,
  title={Practical programming with substructural types},
  author={Tov, Jesse A},
  year={2012},
  school={Northeastern University Boston}
}

@inproceedings{fahndrich2002adoption,
  title={Adoption and focus: Practical linear types for imperative programming},
  author={Fahndrich, Manuel and DeLine, Robert},
  booktitle={ACM SIGPLAN Notices},
  volume={37},
  number={5},
  pages={13--24},
  year={2002},
  organization={ACM}
}

@misc{laintgit,
  title = {{Laint Git}},
  howpublished = {\url{https://github.com/Machiry/myown_typechecker}}
}

@misc{Wiki01,
  title = {{Wikipedia}},
  howpublished = {\url{http://en.wikipedia.org/wiki/Data-flow_analysis}}
}

@misc{Write03,
  title = {{Static Taint Analysis for C}},
  howpublished = {\url{https://code.google.com/p/tanalysis/}}
}

@misc{rustgit,
  title = {{Rust Git}},
  howpublished = {\url{https://github.com/rust-lang/rust}}
}

@misc{rustdoc,
  title = {{The Rust Programming Language Doc}},
  howpublished = {\url{http://doc.rust-lang.org/1.0.0-alpha.2/book/}}
}

@misc{rust,
  title = {{The Rust Programming Language}},
  howpublished = {\url{http://www.rust-lang.org/}}
}

@misc{bnf,
  title = {{Backusâ€“Naur Form}},
  howpublished = {\url{http://en.wikipedia.org/wiki/Backus-Naur_Form}}
}
